../../../../texlive-latex-extra-doc/latex/europecv/templates/publications.bib