@STRING{dtk	= {{D}ie {\TeX}nische {K}om{\"o}die} }

@Book{PostScript,
  Author         = {Kollock, Nikolai G.},
  Title          = {PostScript richtig eingesetzt: vom Konzept zum
                   praktischen Einsatz},
  Publisher      = {IWT},
  Address        = {Vaterstetten},
  year           = 1989,
}

@Manual{pstricks,
  Title          = {PSTricks - {\PS} macros for Generic TeX},
  Author         = {Timothy Van Zandt},
  Organization   = {},
  Address        = {\url{http://www.tug.org/application/PSTricks}},
  Note           = {},
  year           = 1993,
}


@Manual{pdftricks,
  Title          = {PSTricks Support for pdf},
  Author         = {Herbert Voss},
  Organization   = {},
  Address        = {\url{http://PSTricks.de/pdf/pdfoutput.phtml}},
  Note           = {},
  year           = 2002,
}

@Manual{miwi,
  Title          = {References for \TeX{} and Friends},
  Author         = {Michael Wiedmann and Peter Karp},
  Organization   = {},
  Address        = {\url{http://www.miwie.org/tex-refs/}},
  Note           = {},
  year           = 2003,
}


@Book{companion,
  author	= {Michel Goosens and Frank Mittelbach and Sebastian Rahtz and Denis Roegel and Herbert Vo{\ss}},
  title		= {The {\LaTeX} {G}raphics {C}ompanion},
  publisher	= {{Addison-Wesley Publishing Company}},
  edition	= second,
  year		= {2007},
  address	= {Reading, Mass.}
}

@Book{PSTricks2,
  author	= {Herbert Vo\ss},
  title		= {\texttt{PSTricks} -- {G}rafik f\"ur \TeX{} und \LaTeX},
  edition	= {5.},
  publisher	= {DANTE -- Lehmanns},
  year		= {2008},
  address	= {Heidelberg/Hamburg}
}

@Book{LaTeXRef,
  author	= {Herbert Vo\ss},
  title		= {\LaTeX\ Referenz},
  edition	= {1.},
  publisher	= {DANTE -- Lehmanns},
  year		= {2007},
  address	= {Heidelberg/Hamburg}
}
