../../../texlive-pstricks-doc/generic/pst-tree/pst-tree-doc.bib