../../../texlive-pstricks-doc/generic/pst-bar/pst-bar-doc.bib