../../../texlive-pstricks-doc/generic/pst-3dplot/pst-3dplot-doc.bib