%% -*-bibtex-*-
@STRING{tugboat	= {TUGboat} }
@STRING{dtk		= {{D}ie {\TeX}nische {K}om{\"o}die} }

@Book{casselman05,
  author	= {Bill Casselman},
  title		= {Mathematical {I}llustrations -- a manual of geometry and {P}ost{S}cript},
  publisher	= {Cambridge University Press},
  year		= {2005},
  address	= {Cambridge},
}


@Book{PSTricks2,
  author	= {Herbert Vo\ss},
  title		= {{PSTricks,} {G}rafik f\"ur \TeX{} und \LaTeX},
  edition	= {4th},
  publisher	= {DANTE -- Lehmanns},
  year		= {2007},
  address	= {Heidelberg/Hamburg}
}

@Book{companion04,
  author	= {Frank Mittelbach and Michel Goosens et al},
  title		= {The {\LaTeX} {C}ompanion},
  edition	= {2nd},
  publisher	= {Addison-Wesley Publishing Company},
  year		= {2004},
  address	= {Boston}
}

@Book{unbound,
  author	= {Alan Hoenig},
  title		= {\TeX{} {U}nbound: \LaTeX{} \& \TeX{} {S}trategies, {F}onts, {G}raphics, and {M}ore},
  publisher	= {Oxford University Press},
  year		= {1998},
  address	= {London}
}

@Book{tlgc2,
  author	= {Michel Goosens and Frank Mittelbach and Sebastian Rahtz and Denis Roegel and Herbert Vo{\ss}},
  title		= {The {\LaTeX} {G}raphics {C}ompanion},
  publisher	= {{Addison-Wesley Publishing Company}},
  edition	= {2nd},
  year		= {2007},
  address	= {Reading, Mass.}
}

@Article{girou:01:,
  author	= {Denis Girou},
  title		= {Pr\'esentation de {PST}ricks},
  journal	= {Cahier {GUT}enberg},
  year		= 1994,
  volume	= {16},
  month		= apr,
  pages		= {21-70}
}

@Article{girou:02:,
  author	= {{Timothy Van} Zandt and Denis Girou},
  title		= {Inside {PST}ricks},
  journal	= TUGboat,
  year		= 1994,
  volume	= {15},
  month		= sep,
  pages		= {239-246}
}

@MISC{xkeyval,
  author       = {Hendri Adriaens},
  title        = {xkeyval package},
  howpublished = {\url{CTAN:/macros/latex/contrib/xkeyval}},
  year         = 2004
}

@Article{rahtz:96-1,
  author	= {Sebastian Rahtz},
  title		= {An introduction to {PST}ricks, part {I}},
  journal	= {Baskerville},
  address       = {\url{CTAN: /usergrps/uktug/baskervi/}},
  year		= 1996,
  volume	= 6,
  number	= 1,
  month		= feb,
  pages		= {22-34}
}
@Article{rahtz:96-2,
  author	= {Sebastian Rahtz},
  title		= {An introduction to {PST}ricks, part {II}},
  journal	= {Baskerville},
  address       = {\url{CTAN: /usergrps/uktug/baskervi/}},
  year		= 1996,
  volume	= 6,
  number	= 2,
  month		= apr,
  pages		= {23-33}
}

