,-------------------.
|  BIBTEX ENTRIES   |
`-------------------'

@book{Harper01:MDBook,
  address =       {Philadelphia},
  author =        {Peter Harper},
  edition =       {Third},
  publisher =     {W. B. Saunders},
  title =         {Myotonic Dystrophy},
  year =          {2001},
}

@article{PedigreeNomenclature95,
  author =        {Robin L. Bennett and Kathryn A. Steinhaus and
                   Stefanie B. Uhrich and Corrine K. O'Sullivan and
                   Robert G. Resta and Debra Lochner-Doyle and
                   Dorene S. Markei and Victoria Vincent and
                   Jan Hamanishi},
  journal =       {Am. J. Hum. Genet.},
  number =        {3},
  pages =         {745--752},
  title =         {Recommendations for Standardized Human Pedigree
                   Nomenclature},
  volume =        {56},
  year =          {1995},
}


@manual{PSTricks93,
  author =        {Van Zandt, Timothy},
  editor =        {Denis Girou},
  month =         {July},
  note =          {\url{http://ctan.tug.org/tex-archive/graphics/pstricks/base/doc}},
  title =         {PSTricks: PostScript Macros for Generic \TeX.  
                   Usesr's Guide},
  year =          {2003},
}

@manual{pedigree-perl,
  author =	 {Boris Veytsman and Leila Akhmadeeva},
  month =	 {July},
  note =	 {\url{http://ctan.tug.org/tex-archive/graphics/pstricks/contrib/pedigree/pedigree-perl}},
  title = 	 {A Program For Automatic Pedigree Construction With pst-pdgr.
                  User Manual and Algorithm Description},
  year =	 {2007},

}

This file is in public domain