../../../texlive-pstricks-doc/generic/pst-fractal/pst-fractal-doc.bib