%%%%%%%%%%%%%%%%%%%%%%%%%%%%%%%%%%%%%%%%%%%%%%%%%%%%%%%%%%%%%%%%%%%%%%%%%%%%%%%
%%% $Id: beispiel.bib,v 1.1 2000/08/06 11:18:33 gene Exp $
%%%%%%%%%%%%%%%%%%%%%%%%%%%%%%%%%%%%%%%%%%%%%%%%%%%%%%%%%%%%%%%%%%%%%%%%%%%%%%%

@Book{		  companion,
  author	= {Michel Goosens and Frank Mittelbach and Alexander
		  Samarin},
  title		= {The {\LaTeX} Companion},
  publisher	= {Addison-Wesley Publishing Company},
  year		= {1994},
  address	= {Reading, Mass.}
}

@Book{		  knuth:mfbook,
  author	= {Donald E. Knuth},
  title		= {The {\MF book}},
  publisher	= {Addison-Wesley Publishing Company},
  year		= 1990,
  address	= {Reading, Mass.},
  edition	= 5,
  volume	= {C},
  series	= {Computers and Typesetting}
}

@Book{		  knuth:texbook,
  author	= {Donald E. Knuth},
  title		= {The {\TeX book}},
  publisher	= {Addison-Wesley Publishing Company},
  address	= {Reading, Mass.},
  year		= 1989,
  edition	= {15},
  volume	= {A},
  series	= {Computers and Typesetting}
}

@Book{		  kopka:latex,
  author	= {Helmut Kopka},
  title		= {{\LaTeX} -- Eine Einf{\"u}hrung},
  publisher	= {Addison-Wesley Publishing Company},
  address	= {Bonn},
  year		= 1993
}

@Book{		  kopka:latex2,
  author	= {Helmut Kopka},
  title		= {{\LaTeX}-Erg{\"a}nzungen -- mit einer Einf{\"u}hrung in
		  {\MF}},
  publisher	= {Addison-Wesley Publishing Company},
  address	= {Bonn},
  year		= 1995
}

@Book{		  lamport:latex.2,
  author	= {Leslie Lamport},
  title		= {{\LaTeX}: A Document Preparation System},
  publisher	= {Addison-Wesley Publishing Company},
  year		= {1994},
  address	= {Reading, Mass.},
  edition	= {2}
}

@Article{	  neugebauer:klasse,
  author	= {Gerd Neugebauer},
  title		= {Eine Klasse f{\"u}r {\glqq}Die {\TeX}nische
		  Kom{\"o}die{\grqq}},
  journal	= dtk,
  year		= 1995,
  volume	= {3/95},
  pages		= {6-14}
}

@Misc{		  twg:tds,
  author	= {TUG Working Group on a \TeX{} Directory Structure},
  title		= {A Directory Structure for {\TeX} Files},
  howpublished	= {Draft version 0.9991},
  year		= 1996,
  month		= nov,
  note		= {CTAN:
		  \texttt{tex-archive/""tds/""working-paper/""tds-0.9991.tar.gz}}
}
