../../../texlive-pstricks-doc/generic/pst-abspos/pst-abspos-doc.bib