../../../texlive-pstricks-doc/generic/pst-pdgr/pst-pdgr.bib