../../../../texlive-latex-extra-doc/latex/cweb-latex/examples/wcltx.bib