../../../texlive-latex-extra-doc/latex/gcite/gcite.bib