../../../texlive-pstricks-doc/generic/pstricks/PSTricks.bib