../../../texlive-pictures-doc/latex/tufte-latex/sample-handout.bib