../../../texlive-pstricks-doc/generic/pst-coil/pst-coil-doc.bib