../../../texlive-pstricks-doc/generic/pst-diffraction/pst-diffraction-doc.bib