@STRING{dtk	= {{D}ie {\TeX}nische {K}om{\"o}die} }

@Book{PostScript,
  Author         = {Kollock, Nikolai G.},
  Title          = {PostScript richtig eingesetzt: vom Konzept zum
                   praktischen Einsatz},
  Publisher      = {IWT},
  Address        = {Vaterstetten},
  year           = 1989,
}

@Manual{pstricks,
  Title          = {PSTricks - {\PS} macros for Generic TeX},
  Author         = {Timothy Van Zandt},
  Organization   = {},
  Address        = {\url{http://www.tug.org/application/PSTricks}},
  Note           = {},
  year           = 1993,
}


@Manual{pdftricks,
  Title          = {PSTricks Support for pdf},
  Author         = {Herbert Voss},
  Organization   = {},
  Address        = {\url{http://PSTricks.de/pdf/pdfoutput.phtml}},
  Note           = {},
  year           = 2002,
}

@Manual{miwi,
  Title          = {References for \TeX{} and Friends},
  Author         = {Michael Wiedmann and Peter Karp},
  Organization   = {},
  Address        = {\url{http://www.miwie.org/tex-refs/}},
  Note           = {},
  year           = 2003,
}


@Article{dtk02.1:voss:mathematischen,
  author	= {Herbert Vo{\ss}},
  title		= {Die mathematischen {F}unktionen von {P}ostscript},
  journal	= dtk,
  year		= 2002,
  volume	= {1/02},
  altvolume	= 1,
  altnumber	= 14,
  month		= mar,
  pages		= {40-47},
  annote	= bretter,
  keywords	= {},
  abstract	= { \PS, faktisch genauso alt wie {\TeX}, ist im
		  Verh{\"a}ltnis dazu allgemein noch weniger bekannt, wenn es
		  darum geht zu beurteilen, was es denn nun im eigentlichen
		  Sinne ist. Au{\ss}erdem wird h{\"a}ufig vergessen, dass
		  sich mit den \PS-Funktionen viele Dinge erledigen lassen,
		  bei denen sonst auf externe Programme zur{\"u}ckgegriffen
		  wird. Dies wird im Folgenden f{\"u}r die mathematischen
		  Funktionen im Zusammenhang mit dem Paket \texttt{pst-plot}
		  gezeigt. }
}

@Book{companion,
  author	= {Michel Goosens and Frank Mittelbach and Sebastian Rahtz and Denis Roegel and Herbert Vo{\ss}},
  title		= {The {\LaTeX} {G}raphics {C}ompanion},
  publisher	= {{Addison-Wesley Publishing Company}},
  edition	= 2,
  year		= {2007},
  address	= {Reading, Mass.}
}

@Book{PSTricks2,
  author	= {Herbert Vo\ss},
  title		= {\texttt{PSTricks} -- {G}rafik f\"ur \TeX{} und \LaTeX},
  edition	= {4.},
  publisher	= {DANTE -- Lehmanns},
  year		= {2007},
  address	= {Heidelberg/Hamburg}
}

@Book{LaTeXRef,
  author	= {Herbert Vo\ss},
  title		= {\LaTeX\ Referenz},
  edition	= {1.},
  publisher	= {DANTE -- Lehmanns},
  year		= {2007},
  address	= {Heidelberg/Hamburg}
}

@Book{diffraction,
  author	= {Bouasse, H. and Carri\`ere, Z.},
  title	= 	{Diffraction}, 
  publisher={Delagrave},
  year	={1923},
  address	= {Paris},
  pages	= 480
}


@book{tutorial,
 title = {The New Physical Optics Notebook Tutorials in Fourier Optics},
 isbn	={0819401307},
 author	={Reynolds, George O. and Develis, John B. and Parrent, George B. and Thompson, Bria},
 url = {\url{http://www.langtoninfo.co.uk/de/showitem.asp?isbn=0819401307}},
 year= 1989,
 publisher = {Society of {P}hoto {O}ptical}
}

@Manual{Fresnel,
  Title          = {Augustin Fresnel},
  Author         = {Manuel Luque},
  Organization   = {},
  Address        = {\url{http://melusine.eu.org/syracuse/mluque/fresnel/augustin/fresnel.html}},
  Note           = {},
  year           = 2004
}


