../../../../../texlive-pstricks-doc/generic/pst-solides3d/doc-en/source/pst-solides3d-doc.bib