../../../texlive-pstricks-doc/generic/pst-eps/pst-eps-doc.bib