../../../texlive-latex-extra-doc/latex/mslapa/bibfile.bib