../../../texlive-pstricks-doc/generic/pst-labo/pst-labo-doc.bib