../../../texlive-latex-extra-doc/latex/dlfltxb/package_doc.bib