../../../../texlive-latex-extra-doc/latex/sectionbox/example/sectionboxexample.bib