../../../texlive-pstricks-doc/generic/pst-circ/pst-circ-doc.bib