../../../../../texlive-pstricks-doc/generic/pst-solides3d/doc/source/pst-solides3d-doc.bib