../../../texlive-latex-extra-doc/latex/attachfile/attachfile.bib