../../../../texlive-latex-extra-doc/latex/moderncv/examples/publications.bib